
@Article{Aut2001,
  author = 	 {A. Author1 and B. Author2},
  title = 	 {My new paper},
  journal = 	 {Journal},
  year = 	 {2001},
  OPTkey = 	 {},
  OPTvolume = 	 {},
  OPTnumber = 	 {},
  OPTpages = 	 {},
  OPTmonth = 	 {},
  OPTnote = 	 {},
  OPTannote = 	 {}
}

